%--

% alp

@article{Alpern85,
    title = {Defining liveness},
    journal = {Information Processing Letters},
    volume = {21},
    number = {4},
    pages = {181-185},
    year = {1985},
    issn = {0020-0190},
    doi = {https://doi.org/10.1016/0020-0190(85)90056-0},
    url = {https://www.sciencedirect.com/science/article/pii/0020019085900560},
    author = {Bowen Alpern and Fred B. Schneider},
    keywords = {Liveness, absolute liveness, uniform liveness, safety, property, topology, concurrency, semantics},
}


% asp

@book{Aspnes19,
    author = {James Aspnes},
    title = {Notes on Theory of Distributed Systems},
    year = {2019},
    isbn = {},
    publisher = {Yale University, CPSC 465/565},
}


% att

@article{Attiya95,
    author = {Attiya, Hagit and Bar-Noy, Amotz and Dolev, Danny},
    title = {Sharing Memory Robustly in Message-passing Systems},
    journal = {J. ACM},
    issue_date = {Jan. 1995},
    volume = {42},
    number = {1},
    month = jan,
    year = {1995},
    issn = {0004-5411},
    pages = {124--142},
    numpages = {19},
    url = {http://doi.acm.org/10.1145/200836.200869},
    publisher = {ACM},
}

@book{Attiya04,
    author = {Attiya, Hagit and Welch, Jennifer},
    title = {Distributed Computing: Fundamentals, Simulations and Advanced Topics},
    year = {2004},
    isbn = {0471453242},
    publisher = {John Wiley \& Sons},
}

% cac

@book{Cachin11,
    author = {Cachin, Christian and Guerraoui, Rachid and Rodrigues, Lus},
    title = {Introduction to Reliable and Secure Distributed Programming},
    year = {2011},
    isbn = {3642152597},
    publisher = {Springer Publishing Company, Incorporated},
    edition = {2nd}
}


% cha

@book{Charron10,
    editor = {Charron-Bost, Bernadette and Pedone, Fernando and Schiper, Andr\'{e}},
    title = {Replication: Theory and Practice},
    year = {2010},
    isbn = {3642112935},
    publisher = {Springer-Verlag},
    address = {Berlin, Heidelberg}
}


%fis

@article{Fischer85,
    author = {Fischer, Michael J. and Lynch, Nancy A. and Paterson, Michael S.},
    title = {Impossibility of Distributed Consensus with One Faulty Process},
    journal = {J. ACM},
    issue_date = {April 1985},
    volume = {32},
    number = {2},
    month = apr,
    year = {1985},
    issn = {0004-5411},
    pages = {374--382},
    numpages = {9},
    url = {http://doi.acm.org/10.1145/3149.214121 },
    doi = {10.1145/3149.214121},
    acmid = {214121},
    publisher = {ACM},
    address = {New York, NY, USA},
}


%mal

@book{Malkhi19,
    editor = {Malkhi, Dahlia},
    title = {Concurrency: The Works of Leslie Lamport},
    year = {2019},
    isbn = {9781450372701},
    publisher = {Association for Computing Machinery},
    address = {New York, NY, USA},
}